<?xml version="1.0" encoding="UTF-8"?><collection xmlns="http://www.loc.gov/MARC21/slim"><record><leader>00567nam--2200205-i-4500</leader><controlfield tag="001">000030866</controlfield><controlfield tag="002">20161230</controlfield><controlfield tag="005">20161230201038</controlfield><controlfield tag="008">060222s1000------------r-----000-0-rus-d</controlfield><datafield ind1=" " ind2=" " tag="040"><subfield code="a">IFIN-HH</subfield></datafield><datafield ind1=" " ind2=" " tag="041"><subfield code="a">rus</subfield></datafield><datafield ind1=" " ind2=" " tag="080"><subfield code="a">539.1</subfield></datafield><datafield ind1="1" ind2=" " tag="100"><subfield code="a">Fano, U</subfield></datafield><datafield ind1="1" ind2="0" tag="245"><subfield code="a">Fizika atomov i molekul</subfield><subfield code="c">U. fano, l. fano</subfield></datafield><datafield ind1=" " ind2=" " tag="260"><subfield code="a">Moskva</subfield><subfield code="b">Nauka</subfield><subfield code="c">1980</subfield></datafield><datafield ind1=" " ind2=" " tag="300"><subfield code="a">656P</subfield></datafield><datafield ind1=" " ind2=" " tag="500"><subfield code="a">Titlul Original In Limba Engleza: Physics Of Atoms And Molecules An Introduction To The Structure Of Matter</subfield></datafield><datafield ind1="1" ind2=" " tag="700"><subfield code="a">Fano, L</subfield></datafield><datafield ind1=" " ind2=" " tag="852"><subfield code="a">49387</subfield><subfield code="c">539</subfield></datafield><datafield ind1=" " ind2=" " tag="CAT"><subfield code="a">Sys</subfield><subfield code="c">20111012</subfield><subfield code="h">153759</subfield></datafield></record></collection>